@book{alonso1986fisica,
  author = {M. Alonso and E. J. Finn},
  title = {Física Vol. I},
  year = {1986},
  publisher = {Addison-Wesley Iberoamericana}
}

@book{tipler1985fisica,
  author = {P. A. Tipler},
  title = {Física Vol. 1},
  year = {1985},
  publisher = {Reverté},
  address = {México}
}

@book{sears1999fisica,
  author = {F. Sears and M. Zemansky},
  title = {Física Universitaria I},
  year = {1999},
  publisher = {Pearson},
  address = {México}
}

@book{serway2005fisica,
  author = {R. Serway},
  title = {Física I para ciencias e ingeniería},
  year = {2005},
  publisher = {Thomson},
  address = {México}
}

@online{rsef2010,
  author    = {{Real Sociedad Española de Física}},
  title     = {Problemas de la Olimpiada Española de Física 2010 - Problema 2},
  year      = {2010},
  url       = {https://rsef.es/images/Problemas/OEF2010/P2-OEF-2010.pdf}
}

@online{fernando2017,
  author    = {Fernando},
  title     = {Historia de las mediciones II: Cavendish y la densidad de la Tierra},
  year      = {2017},
  month     = {6},
  url       = {https://ulum.es/historia-de-las-mediciones-ii-cavendish-y-la-densidad-de-la-tierra/},
  publisher = {ULUM}
}

@online{ricuti2024,
  author    = {R. Icuti},
  title     = {Gráfico de dinámica - Proceso de Cavendish para medir la gravedad},
  year      = {2024},
  url       = {https://ricuti.com.ar/no_me_salen/dinamica/img_din/gr_dN_29_1.gif},
}

@online{valdes2024,
  author    = {Javier Valdés Gómez},
  title     = {Relación entre G y g Ley de Gravitación Universal},
  year      = {2018},  % Estimado basado en "hace 5 años"
  url       = {https://www.youtube.com/watch?v=Y4AJo-Ana70},
}
